@inproceedings{dataset,
    author    = {Salamon, Justin and Jacoby, Christopher and Bello, Juan},
    year      = {2014},
    month     = {11},
    pages     = {},
    title     = {A Dataset and Taxonomy for Urban Sound Research},
    journal   = {Proceedings - 22nd ACM International Conference on Multimedia},
    doi       = {10.1145/2647868.2655045}
}

@misc{features,
    author    = "Joel Jogy",
    title     = "How I Understood: What features to consider while training audio files?",
    howpublished       = {\url{https://towardsdatascience.com/how-i-understood-what-features-to-consider-while-training-audio-files-eedfb6e9002b}}
}

@misc{model-deifinition,
  author       = "Tensorflow",
  title        = "The Sequential Model",
  howpublished          = {\url{https://www.tensorflow.org/guide/keras/sequential_model}}
}

@misc{model-training,
  author       = "Tensorflow",
  title        = "Train and Evaluate",
  howpublished          = {\url{https://www.tensorflow.org/guide/keras/train_and_evaluate}}
}

@misc{librosa-first,
  author       = "Librosa",
  title        = "Feature extraction",
  howpublished          = {\url{https://librosa.org/doc/main/feature.html}}
}

@misc{dask,
  title        = "Dask",
  howpublished          = {\url{https://dask.org}}
}


@misc{numpy,
  title        = "Numpy",
  howpublished          = {\url{https://numpy.org}}
}


@misc{keras,
  title        = "Keras",
  howpublished          = {\url{https://keras.io}}
}

@misc{tensorflow,
  title        = "Tensorflow",
  howpublished          = {\url{https://www.tensorflow.org}}
}

@misc{librosa,
  title        = "Librosa",
  howpublished          = {\url{https://librosa.org}}
}

@misc{python,
  title        = "Python",
  howpublished          = {\url{https://www.python.org}}
}

@misc{pandas,
  title        = "Pandas",
  howpublished          = {\url{https://pandas.pydata.org}}
}

@misc{scikitlearn,
    title     = "Scikit learn",
    howpublished       = {\url{https://scikit-learn.org}}
}

@misc{scaler,
    author    = "Scikit learn",
    title     = "Standard Scaler",
    howpublished       = {\url{https://scikit-learn.org/stable/modules/generated/sklearn.preprocessing.StandardScaler.html}}
}

@misc{pca,
    author    = "Scikit Learn",
    title     = "PCA",
    howpublished       = {\url{https://scikit-learn.org/stable/modules/generated/sklearn.decomposition.PCA.html}}
}

@misc{cross,
    author    = "Scikit Learn",
    title     = "KFold",
    howpublished       = {\url{https://scikit-learn.org/stable/modules/generated/sklearn.model_selection.KFold.html}}
}

@misc{random-grid,
    author    = "Kishan Maladkar",
    title     = "Why Is Random Search Better Than Grid Search For Machine Learning ",
    howpublished       = {\url{https://analyticsindiamag.com/why-is-random-search-better-than-grid-search-for-machine-learning}}
}

@misc{relu,
    author    = "Wikipedia",
    title     = "Rectifier",
    howpublished       = {\url{https://en.wikipedia.org/wiki/Rectifier_(neural_networks)}}
}

@misc{soft,
    author    = "Wikipedia",
    title     = "Softmax function",
    howpublished       = {\url{https://en.wikipedia.org/wiki/Softmax_function}}
}

@misc{entropy,
    author    = "Kiprono Elijah Koech",
    title     = "Cross-Entropy Loss Function",
    howpublished       = {\url{https://towardsdatascience.com/cross-entropy-loss-function-f38c4ec8643e}}
}

@misc{sgd,
    author    = "Wikipedia",
    title     = "Stochastic gradient descent",
    howpublished       = {\url{https://en.wikipedia.org/wiki/Stochastic_gradient_descent}}
}

@misc{mlp,
    author    = "Wikipedia",
    title     = "Multilayer perceptron",
    howpublished       = {\url{https://en.wikipedia.org/wiki/Multilayer_perceptron}}
}
